@ARTICLE{2016A&A...586A.141P,
       author = {{Planck Collaboration} and {Ade}, P.~A.~R. and {Aghanim}, N. and
        {Arnaud}, M. and {Ashdown}, M. and {Aumont}, J. and
        {Baccigalupi}, C. and {Banday}, A.~J. and {Barreiro}, R.~B. and
        {Bartolo}, N. and {Battaner}, E. and {Benabed}, K. and
        {Benoit-L{\'e}vy}, A. and {Bernard}, J. -P. and {Bersanelli}, M.
        and {Bielewicz}, P. and {Bonaldi}, A. and {Bonavera}, L. and
        {Bond}, J.~R. and {Borrill}, J. and {Bouchet}, F.~R. and
        {Boulanger}, F. and {Bracco}, A. and {Burigana}, C. and
        {Calabrese}, E. and {Cardoso}, J. -F. and {Catalano}, A. and
        {Chamballu}, A. and {Chary}, R. -R. and {Chiang}, H.~C. and
        {Christensen}, P.~R. and {Colombo}, L.~P.~L. and {Combet}, C.
        and {Crill}, B.~P. and {Curto}, A. and {Cuttaia}, F. and
        {Danese}, L. and {Davies}, R.~D. and {Davis}, R.~J. and {de
        Bernardis}, P. and {de Rosa}, A. and {de Zotti}, G. and
        {Delabrouille}, J. and {Delouis}, J. -M. and {Dickinson}, C. and
        {Diego}, J.~M. and {Dole}, H. and {Donzelli}, S. and {Dor{\'e}},
        O. and {Douspis}, M. and {Dunkley}, J. and {Dupac}, X. and
        {Efstathiou}, G. and {Elsner}, F. and {En{\ss}lin}, T.~A. and
        {Eriksen}, H.~K. and {Falgarone}, E. and {Ferri{\`e}re}, K. and
        {Finelli}, F. and {Forni}, O. and {Frailis}, M. and {Fraisse},
        A.~A. and {Franceschi}, E. and {Frolov}, A. and {Galeotta}, S.
        and {Galli}, S. and {Ganga}, K. and {Ghosh}, T. and {Giard}, M.
        and {Gjerl{\o}w}, E. and {Gonz{\'a}lez-Nuevo}, J. and
        {G{\'o}rski}, K.~M. and {Gruppuso}, A. and {Guillet}, V. and
        {Hansen}, F.~K. and {Harrison}, D.~L. and {Helou}, G. and
        {Hern{\'a}ndez-Monteagudo}, C. and {Herranz}, D. and
        {Hildebrandt}, S.~R. and {Hivon}, E. and {Hornstrup}, A. and
        {Hovest}, W. and {Huang}, Z. and {Huffenberger}, K.~M. and
        {Hurier}, G. and {Jaffe}, T.~R. and {Jones}, W.~C. and {Juvela},
        M. and {Keih{\"a}nen}, E. and {Keskitalo}, R. and {Kisner},
        T.~S. and {Kneissl}, R. and {Knoche}, J. and {Kunz}, M. and
        {Kurki-Suonio}, H. and {Lamarre}, J. -M. and {Lasenby}, A. and
        {Lattanzi}, M. and {Lawrence}, C.~R. and {Leonardi}, R. and
        {Le{\'o}n-Tavares}, J. and {Levrier}, F. and {Liguori}, M. and
        {Lilje}, P.~B. and {Linden-V{\o}rnle}, M. and {L{\'o}pez-
        Caniego}, M. and {Lubin}, P.~M. and {Mac{\'\i}as-P{\'e}rez},
        J.~F. and {Maffei}, B. and {Maino}, D. and {Mandolesi}, N. and
        {Maris}, M. and {Martin}, P.~G. and {Mart{\'\i}nez-
        Gonz{\'a}lez}, E. and {Masi}, S. and {Matarrese}, S. and
        {McGehee}, P. and {Melchiorri}, A. and {Mennella}, A. and
        {Migliaccio}, M. and {Miville-Desch{\^e}nes}, M. -A. and
        {Moneti}, A. and {Montier}, L. and {Morgante}, G. and
        {Mortlock}, D. and {Munshi}, D. and {Murphy}, J.~A. and
        {Naselsky}, P. and {Nati}, F. and {Natoli}, P. and {Novikov}, D.
        and {Novikov}, I. and {Oppermann}, N. and {Oxborrow}, C.~A. and
        {Pagano}, L. and {Pajot}, F. and {Paoletti}, D. and {Pasian}, F.
        and {Perdereau}, O. and {Pettorino}, V. and {Piacentini}, F. and
        {Piat}, M. and {Pierpaoli}, E. and {Plaszczynski}, S. and
        {Pointecouteau}, E. and {Polenta}, G. and {Ponthieu}, N. and
        {Pratt}, G.~W. and {Prunet}, S. and {Puget}, J. -L. and
        {Rachen}, J.~P. and {Reach}, W.~T. and {Rebolo}, R. and
        {Reinecke}, M. and {Remazeilles}, M. and {Renault}, C. and
        {Renzi}, A. and {Ristorcelli}, I. and {Rocha}, G. and {Rosset},
        C. and {Rossetti}, M. and {Roudier}, G. and
        {Rubi{\~n}o-Mart{\'\i}n}, J.~A. and {Rusholme}, B. and {Sandri},
        M. and {Santos}, D. and {Savelainen}, M. and {Savini}, G. and
        {Scott}, D. and {Serra}, P. and {Soler}, J.~D. and {Stolyarov},
        V. and {Sudiwala}, R. and {Sunyaev}, R. and {Suur-Uski}, A. -S.
        and {Sygnet}, J. -F. and {Tauber}, J.~A. and {Terenzi}, L. and
        {Toffolatti}, L. and {Tomasi}, M. and {Tristram}, M. and
        {Tucci}, M. and {Umana}, G. and {Valenziano}, L. and
        {Valiviita}, J. and {Van Tent}, B. and {Vielva}, P. and {Villa},
        F. and {Wade}, L.~A. and {Wandelt}, B.~D. and {Wehus}, I.~K. and
        {Yvon}, D. and {Zacchei}, A. and {Zonca}, A.},
        title = "{Planck intermediate results. XXXVIII. E- and B-modes of dust
        polarization from the magnetized filamentary structure of the
        interstellar medium}",
      journal = {\aap},
     keywords = {polarization, galaxies: ISM, submillimeter: ISM, ISM: general,
        Astrophysics - Astrophysics of Galaxies, Astrophysics -
        Cosmology and Nongalactic Astrophysics},
         year = 2016,
        month = Feb,
       volume = {586},
          eid = {A141},
        pages = {A141},
          doi = {10.1051/0004-6361/201526506},
       adsurl = {https://ui.adsabs.harvard.edu/#abs/2016A&A...586A.141P},
      adsnote = {Provided by the SAO/NASA Astrophysics Data System}
}

@ARTICLE{2015PhRvL.115x1302C,
       author = {{Clark}, S.~E. and {Hill}, J. Colin and {Peek}, J.~E.~G. and {Putman},
        M.~E. and {Babler}, B.~L.},
        title = "{Neutral Hydrogen Structures Trace Dust Polarization Angle: Implications
        for Cosmic Microwave Background Foregrounds}",
      journal = {\prl},
     keywords = {98.38.-j, 95.85.Bh, 98.35.Eg, 98.70.Vc, Interstellar medium  and nebulae
        in Milky Way, Radio microwave, Electric and magnetic fields,
        Background radiations, Astrophysics - Cosmology and Nongalactic
        Astrophysics, Astrophysics - Astrophysics of Galaxies},
         year = 2015,
        month = Dec,
       volume = {115},
          eid = {241302},
        pages = {241302},
          doi = {10.1103/PhysRevLett.115.241302},
       adsurl = {https://ui.adsabs.harvard.edu/#abs/2015PhRvL.115x1302C},
      adsnote = {Provided by the SAO/NASA Astrophysics Data System}
}

