/Users/adityarotti/Documents/Work/Mendeley/bibliography/1. CMB-CMB polarization-Real space EB operators.bib